<?xml version="1.0" encoding="UTF-8"?><collection xmlns="http://www.loc.gov/MARC21/slim"><record><leader>00524nam--2200181-u-4500</leader><controlfield tag="001">000053878</controlfield><controlfield tag="002">20161230</controlfield><controlfield tag="005">20170207153559</controlfield><controlfield tag="008">110629s1000------------r-----000-0-eng-d</controlfield><datafield ind1=" " ind2=" " tag="040"><subfield code="a">IFIN-HH</subfield></datafield><datafield ind1=" " ind2=" " tag="080"><subfield code="a">537</subfield></datafield><datafield ind1="1" ind2=" " tag="100"><subfield code="a">Panofsky, Wolfgang K.H</subfield></datafield><datafield ind1="1" ind2="0" tag="245"><subfield code="a">Classical electricity and magnetism</subfield><subfield code="c">Wolfgang K.H. Panofsky; Melba Phillips</subfield></datafield><datafield ind1=" " ind2=" " tag="260"><subfield code="a">Cambridge, Mass</subfield><subfield code="b">Addison-Wesley Publishing Company, Inc</subfield><subfield code="c">1955</subfield></datafield><datafield ind1=" " ind2=" " tag="300"><subfield code="a">400P</subfield></datafield><datafield ind1="1" ind2=" " tag="700"><subfield code="a">Phillips, Melba</subfield></datafield><datafield ind1=" " ind2=" " tag="852"><subfield code="a">77258</subfield><subfield code="c">537:538</subfield></datafield><datafield ind1=" " ind2=" " tag="CAT"><subfield code="a">SYS</subfield><subfield code="c">20170207</subfield><subfield code="h">153559</subfield></datafield></record></collection>